@article{sandbox,
  title={Sandboxing in Linux: From Smartphone to Cloud},
  author={Borate, Imamjafar and Chavan, RK},
  journal={International Journal of Computer Applications},
  volume={148},
  number={8},
  year={2016},
  publisher={Foundation of Computer Science}
}

@inproceedings{miwa,
  title={Design and Implementation of an Isolated Sandbox with Mimetic Internet Used to Analyze Malwares.},
  author={Miwa, Shinsuke and Miyachi, Toshiyuki and Eto, Masashi and Yoshizumi, Masashi and Shinoda, Yoichi},
  booktitle={DETER},
  year={2007}
}

@article{schreuders,
  title={The state of the art of application restrictions and sandboxes: A survey of application-oriented access controls and their shortfalls},
  author={Schreuders, Z Cliffe and McGill, Tanya and Payne, Christian},
  journal={Computers \& Security},
  volume={32},
  pages={219--241},
  year={2013},
  publisher={Elsevier}
}

@inproceedings{goldberg,
  title={A secure environment for untrusted helper applications: Confining the wily hacker},
  author={Goldberg, Ian and Wagner, David and Thomas, Randi and Brewer, Eric A and others},
  booktitle={Proceedings of the 6th conference on USENIX Security Symposium, Focusing on Applications of Cryptography},
  volume={6},
  pages={1--1},
  year={1996}
}

@inproceedings{garfinkel,
  title={Ostia: A Delegating Architecture for Secure System Call Interposition.},
  author={Garfinkel, Tal and Pfaff, Ben and Rosenblum, Mendel and others},
  booktitle={NDSS},
  year={2004}
}

@article{deputies,
  title={The Confused Deputy:(or why capabilities might have been invented)},
  author={Hardy, Norm},
  journal={ACM SIGOPS Operating Systems Review},
  volume={22},
  number={4},
  pages={36--38},
  year={1988},
  publisher={ACM}
}

@inproceedings{capsicum,
  title={Capsicum: Practical Capabilities for UNIX.},
  author={Watson, Robert NM and Anderson, Jonathan and Laurie, Ben and Kennaway, Kris},
  booktitle={USENIX Security Symposium},
  volume={46},
  pages={2},
  year={2010}
}